@techreport{koopman97a,
author={Philip Koopman},
title={How to Write an Abstract},
institution={Carnegie Mellon University},
month={October},
year={1997},
note={\hfill\break
http://www.ece.cmu.edu/$\sim$koopman/essays/abstract.html},
}
@misc{enum1,	
	author ={{Python Software Foundation}},	
	title = {{Enumerate}},	
	year =2019,
	note = "\url{https://docs.python.org/3/library/functions.html?highlight=enumerate#enumerate}",
	accessed = "Retrieved April 2019",	
}
@misc{pack,	
	author ={{GeeksForGeeks}},	
	title = {{Packing and Unpacking}},	
	year =2019,
	note = "\url{https://www.geeksforgeeks.org/packing-and-unpacking-arguments-in-python/}",
	accessed = "Retrieved April 2019",	
}
@article{pierce2010software,
	title={Software foundations},
	author={Pierce, Benjamin C and Casinghino, Chris and Gaboardi, Marco and Greenberg, Michael and Hri{\c{t}}cu, C{\u{a}}t{\u{a}}lin and Sjoberg, Vilhelm and Yorgey, Brent},
	journal={Webpage: http://www. cis. upenn. edu/bcpierce/sf/current/index. html},
	year={2010}
}

